%YAML 1.1
%TAG !u! tag:unity3d.com,2011:
--- !u!241 &24100000
AudioMixerController:
  m_ObjectHideFlags: 0
  m_PrefabParentObject: {fileID: 0}
  m_PrefabInternal: {fileID: 0}
  m_Name: AudioMixer
  m_OutputGroup: {fileID: 0}
  m_MasterGroup: {fileID: 24300001}
  m_Snapshots:
  - {fileID: 24500003}
  m_StartSnapshot: {fileID: 24500003}
  m_SuspendThreshold: -80
  m_EnableSuspend: 1
  m_UpdateMode: 0
  m_ExposedParameters: []
  m_AudioMixerGroupViews:
  - guids:
    - ca9966e79cfe8244aaaca894ab796121
    - 9d5b3909f50914b47809dbe5286764ce
    - 117e30ad5bbefb1499f7aebdbc967b63
    - e35089ea996c99448b8cd22add293de1
    name: View
  m_CurrentViewIndex: 0
  m_TargetSnapshot: {fileID: 24500003}
--- !u!243 &24300001
AudioMixerGroupController:
  m_ObjectHideFlags: 0
  m_PrefabParentObject: {fileID: 0}
  m_PrefabInternal: {fileID: 0}
  m_Name: Master
  m_AudioMixer: {fileID: 24100000}
  m_GroupID: ca9966e79cfe8244aaaca894ab796121
  m_Children:
  - {fileID: 243446683602596206}
  - {fileID: 243459802279431230}
  - {fileID: 243430054167596936}
  m_Volume: 0c1f43b4648387447b87c699ccee097e
  m_Pitch: 13e246cfb1c9f934ba6368c1421173c6
  m_Effects:
  - {fileID: 24400002}
  m_UserColorIndex: 0
  m_Mute: 0
  m_Solo: 0
  m_BypassEffects: 0
--- !u!244 &24400002
AudioMixerEffectController:
  m_ObjectHideFlags: 3
  m_PrefabParentObject: {fileID: 0}
  m_PrefabInternal: {fileID: 0}
  m_Name: 
  m_EffectID: 5bca308ef29f47b4fa5d0ec4a543be89
  m_EffectName: Attenuation
  m_MixLevel: 36eee6d15fc9daf41ab722d0344b4026
  m_Parameters: []
  m_SendTarget: {fileID: 0}
  m_EnableWetMix: 0
  m_Bypass: 0
--- !u!245 &24500003
AudioMixerSnapshotController:
  m_ObjectHideFlags: 0
  m_PrefabParentObject: {fileID: 0}
  m_PrefabInternal: {fileID: 0}
  m_Name: Default
  m_AudioMixer: {fileID: 24100000}
  m_SnapshotID: d140bf1cc13ef4447b52ced0feeb6228
  m_FloatValues: {}
  m_TransitionOverrides: {}
--- !u!243 &243430054167596936
AudioMixerGroupController:
  m_ObjectHideFlags: 0
  m_PrefabParentObject: {fileID: 0}
  m_PrefabInternal: {fileID: 0}
  m_Name: UI
  m_AudioMixer: {fileID: 24100000}
  m_GroupID: e35089ea996c99448b8cd22add293de1
  m_Children: []
  m_Volume: 42ea2fb4b1a0135419d239d3b0608f60
  m_Pitch: 547c07b1b2a133641af22c2623da51c7
  m_Effects:
  - {fileID: 244169551764904968}
  m_UserColorIndex: 0
  m_Mute: 0
  m_Solo: 0
  m_BypassEffects: 0
--- !u!243 &243446683602596206
AudioMixerGroupController:
  m_ObjectHideFlags: 0
  m_PrefabParentObject: {fileID: 0}
  m_PrefabInternal: {fileID: 0}
  m_Name: Music
  m_AudioMixer: {fileID: 24100000}
  m_GroupID: 9d5b3909f50914b47809dbe5286764ce
  m_Children: []
  m_Volume: cb50cff1f9f09244aa81ee5a92280320
  m_Pitch: 47f509408f8caee43a0811c3537a5453
  m_Effects:
  - {fileID: 244399550439073246}
  m_UserColorIndex: 0
  m_Mute: 0
  m_Solo: 0
  m_BypassEffects: 0
--- !u!243 &243459802279431230
AudioMixerGroupController:
  m_ObjectHideFlags: 0
  m_PrefabParentObject: {fileID: 0}
  m_PrefabInternal: {fileID: 0}
  m_Name: SFX
  m_AudioMixer: {fileID: 24100000}
  m_GroupID: 117e30ad5bbefb1499f7aebdbc967b63
  m_Children: []
  m_Volume: 11d53f55a45064145a499ace98abf60a
  m_Pitch: 765c868adae316744a5c7cf52315bbe6
  m_Effects:
  - {fileID: 244005512532675772}
  m_UserColorIndex: 0
  m_Mute: 0
  m_Solo: 0
  m_BypassEffects: 0
--- !u!244 &244005512532675772
AudioMixerEffectController:
  m_ObjectHideFlags: 3
  m_PrefabParentObject: {fileID: 0}
  m_PrefabInternal: {fileID: 0}
  m_Name: 
  m_EffectID: 6f54cef2e2c473b4c8b9b24155d7184e
  m_EffectName: Attenuation
  m_MixLevel: 48ac11fb7cf7d1d4e92559ce1a6bd549
  m_Parameters: []
  m_SendTarget: {fileID: 0}
  m_EnableWetMix: 0
  m_Bypass: 0
--- !u!244 &244169551764904968
AudioMixerEffectController:
  m_ObjectHideFlags: 3
  m_PrefabParentObject: {fileID: 0}
  m_PrefabInternal: {fileID: 0}
  m_Name: 
  m_EffectID: bae71637131b20d45969e1bf62369512
  m_EffectName: Attenuation
  m_MixLevel: 73837418efd169844a310add22e5ae99
  m_Parameters: []
  m_SendTarget: {fileID: 0}
  m_EnableWetMix: 0
  m_Bypass: 0
--- !u!244 &244399550439073246
AudioMixerEffectController:
  m_ObjectHideFlags: 3
  m_PrefabParentObject: {fileID: 0}
  m_PrefabInternal: {fileID: 0}
  m_Name: 
  m_EffectID: f2f6b224e042b624ca0e18d9dbd2785b
  m_EffectName: Attenuation
  m_MixLevel: ca3ebfca5a9840f40bb66123ff19a634
  m_Parameters: []
  m_SendTarget: {fileID: 0}
  m_EnableWetMix: 0
  m_Bypass: 0
